@inproceedings{bjorkelund2009multilingual,
  title={Multilingual semantic role labeling},
  author={Bj{\"o}rkelund, Anders and Hafdell, Love and Nugues, Pierre},
  year={2009},
  organization={Association for Computational Linguistics}
}

@article{daume2009frustratingly,
  title={Frustratingly easy domain adaptation},
  author={Daum{\'e} III, Hal},
  journal={arXiv preprint arXiv:0907.1815},
  year={2009}
}